@BOOK{arccn,
title={Программно-конфигурируемые сети [{Э}лектронный ресурс]},
note={URL:~\url{http://arccn.ru/sdn} (Дата обращения 18.05.2018). Загл. с экр. Яз. рус.},
}

@BOOK{shalaginov,
title={Что такое программно-конфигурируемые сети и чем они не являются [{Э}лектронный ресурс]},
note={URL:~\url{http://shalaginov.com/2014/07/13/sdn/} (Дата обращения 19.05.2018). Загл. с экр. Яз. рус.},
}

@BOOK{osp,
title={Программно-конфигурируемые сети [{Э}лектронный ресурс]},
note={URL:~\url{http://www.osp.ru/os/2012/09/13032491} (дата обращения 19.05.2018). Загл. с экр. Яз. рус.},
}

@BOOK{mctrewards,
title={Технологии программно-конфигурируемых сетей и виртуализации сетевых функций [{Э}лектронный ресурс]},
note={URL:~\url{http://www.mctrewards.ru/texnologii/net} (дата обращения 19.05.2018). Загл. с экр. Яз. рус.},
}

@BOOK{openflow,
title={SDN / OpenFlow / Flowgrammable [{Э}лектронный ресурс]},
note={URL:~\url{http://flowgrammable.org/sdn/openflow/} (дата обращения 20.05.2018). Загл. с экр. Яз. рус.},
}

@BOOK{tadviser,
title={Программно-определяемые сети [{Э}лектронный ресурс]},
note={URL:~\url{http://www.tadviser.ru/index.php/} (дата обращения 22.07.2018). Загл. с экр. Яз. рус.},
}

@BOOK{habr,
title={Программно определяемые сети (Software Defined Networks): настоящее и будущее [{Э}лектронный ресурс]},
note={URL:~\url{https://habr.com/company/hpe/blog/160531/} (дата обращения 25.07.2018). Загл. с экр. Яз. рус.},
}

@BOOK{cgroups,
title={cgroups [{Э}лектронный ресурс]},
note={URL:~\url{https://ru.wikipedia.org/wiki/Cgroups} (дата обращения 27.07.2018). Загл. с экр. Яз. рус.},
}

@BOOK{mininet,
title={Mininet Walkthrough [{Э}лектронный ресурс]},
note={URL:~\url{http://mininet.org/walkthrough/#interact-with-hosts-and-switches} (дата обращения 27.07.2018). Загл. с экр. Яз. рус.},
}
